@inproceedings{boyapati2002korat,
  title={Korat: Automated testing based on Java predicates},
  author={Boyapati, Chandrasekhar and Khurshid, Sarfraz and Marinov, Darko},
  booktitle={ACM SIGSOFT Software Engineering Notes},
  volume={27},
  number={4},
  pages={123--133},
  year={2002},
  organization={ACM}
}

@techreport{siddiqui2012improving,
  title={Improving systematic constraint-driven analysis using incremental and parallel techniques},
  author={Siddiqui, Junaid H},
  year={2012},
  institution={DTIC Document}
}

@inproceedings{siddiqui2012lightweight,
  title={Lightweight Data-flow Analysis for Execution-driven Constraint Solving},
  author={Siddiqui, Junaid Haroon and Marinov, Darko and Khurshid, Sarfraz},
  booktitle={Software Testing, Verification and Validation (ICST), 2012 IEEE Fifth International Conference on},
  pages={91--100},
  year={2012},
  organization={IEEE}
}

@inproceedings{siddiqui2009optimizing,
  title={Optimizing a Structural Constraint Solver for Efficient Software Checking},
  author={Siddiqui, Junaid Haroon and Marinov, Darko and Khurshid, Sarfraz},
  booktitle={Proceedings of the 2009 IEEE/ACM International Conference on Automated Software Engineering},
  pages={615--619},
  year={2009},
  organization={IEEE Computer Society}
}

@inproceedings{elkarablieh2008efficient,
  title={Efficient solving of structural constraints},
  author={Elkarablieh, Bassem and Marinov, Darko and Khurshid, Sarfraz},
  booktitle={Proceedings of the 2008 international symposium on Software testing and analysis},
  pages={39--50},
  year={2008},
  organization={ACM}
}

@inproceedings{elkarablieh2007starc,
  title={Starc: static analysis for efficient repair of complex data},
  author={Elkarablieh, Bassem and Khurshid, Sarfraz and Vu, Duy and McKinley, Kathryn S},
  booktitle={ACM SIGPLAN Notices},
  volume={42},
  number={10},
  pages={387--404},
  year={2007},
  organization={ACM}
}

@book{darga2006efficient,
  title={Efficient software model checking of data structure properties},
  author={Darga, Paul T and Boyapati, Chandrasekhar},
  volume={41},
  number={10},
  year={2006},
  publisher={ACM}
}

@article{demilli1991constraint,
  title={Constraint-based automatic test data generation},
  author={DeMilli, RA and Offutt, A. Jefferson},
  journal={Software Engineering, IEEE Transactions on},
  volume={17},
  number={9},
  pages={900--910},
  year={1991},
  publisher={IEEE}
}

@inproceedings{gotlieb1998automatic,
  title={Automatic test data generation using constraint solving techniques},
  author={Gotlieb, Arnaud and Botella, Bernard and Rueher, Michel},
  booktitle={ACM SIGSOFT Software Engineering Notes},
  volume={23},
  number={2},
  pages={53--62},
  year={1998},
  organization={ACM}
}

@article{howden1977symbolic,
  title={Symbolic testing and the DISSECT symbolic evaluation system},
  author={Howden, William E.},
  journal={Software Engineering, IEEE Transactions on},
  number={4},
  pages={266--278},
  year={1977},
  publisher={IEEE}
}

@article{huang1975approach,
  title={An approach to program testing},
  author={Huang, JC},
  journal={ACM Computing Surveys (CSUR)},
  volume={7},
  number={3},
  pages={113--128},
  year={1975},
  publisher={ACM}
}

@article{king1976symbolic,
  title={Symbolic execution and program testing},
  author={King, James C},
  journal={Communications of the ACM},
  volume={19},
  number={7},
  pages={385--394},
  year={1976},
  publisher={ACM}
}

@inproceedings{korel1996automated,
  title={Automated test data generation for programs with procedures},
  author={Korel, Bogdan},
  booktitle={ACM SIGSOFT Software Engineering Notes},
  volume={21},
  number={3},
  pages={209--215},
  year={1996},
  organization={ACM}
}

@book{pacheco2005eclat,
  title={Eclat: Automatic generation and classification of test inputs},
  author={Pacheco, Carlos and Ernst, Michael D},
  year={2005},
  publisher={Springer}
}

@article{ernst2007daikon,
  title={The Daikon system for dynamic detection of likely invariants},
  author={Ernst, Michael D and Perkins, Jeff H and Guo, Philip J and McCamant, Stephen and Pacheco, Carlos and Tschantz, Matthew S and Xiao, Chen},
  journal={Science of Computer Programming},
  volume={69},
  number={1},
  pages={35--45},
  year={2007},
  publisher={Elsevier}
}

@inproceedings{maes1987concepts,
  title={Concepts and experiments in computational reflection},
  author={Maes, Pattie},
  booktitle={ACM Sigplan Notices},
  volume={22},
  number={12},
  pages={147--155},
  year={1987},
  organization={ACM}
}

@article{fowler2006continuous,
  title={Continuous integration},
  author={Fowler, Martin and Foemmel, Matthew},
  journal={Thought-Works) http://www. thoughtworks. com/Continuous Integration. pdf},
  year={2006}
}

@inproceedings{vallee1999soot,
  title={Soot-a Java bytecode optimization framework},
  author={Vall{\'e}e-Rai, Raja and Co, Phong and Gagnon, Etienne and Hendren, Laurie and Lam, Patrick and Sundaresan, Vijay},
  booktitle={Proceedings of the 1999 conference of the Centre for Advanced Studies on Collaborative research},
  pages={13},
  year={1999},
  organization={IBM Press}
}

@article{bracha2004mirrors,
  title={Mirrors: design principles for meta-level facilities of object-oriented programming languages},
  author={Bracha, Gilad and Ungar, David},
  journal={ACM SIGPLAN Notices},
  volume={39},
  number={10},
  pages={331--344},
  year={2004},
  publisher={ACM}
}

@inproceedings{adjie1999design,
  title={The design and implementation of an intentional naming system},
  author={Adjie-Winoto, William and Schwartz, Elliot and Balakrishnan, Hari and Lilley, Jeremy},
  booktitle={ACM SIGOPS Operating Systems Review},
  volume={33},
  number={5},
  pages={186--201},
  year={1999},
  organization={ACM}
}

@book{gamma1994design,
  title={Design patterns: elements of reusable object-oriented software},
  author={Gamma, Erich and Helm, Richard and Johnson, Ralph and Vlissides, John},
  year={1994},
  publisher={Pearson Education}
}

@book{Linden:2004:JJJ:993931,
 author = {Linden, Peter van der},
 title = {Just Java 2: J2SE 1.5 Edition (6th Edition)},
 year = {2004},
 isbn = {0131482114},
 publisher = {Prentice Hall PTR},
 address = {Upper Saddle River, NJ, USA},
}

@article{mostinckx2009mirror,
  title={Mirror-based reflection in AmbientTalk},
  author={Mostinckx, Stijn and Van Cutsem, Tom and Timbermont, Stijn and Gonzalez Boix, Elisa and Tanter, {\'E}ric and De Meuter, Wolfgang},
  journal={Software: Practice and Experience},
  volume={39},
  number={7},
  pages={661--699},
  year={2009},
  publisher={Wiley Online Library}
}

@article{demilli1991constraint,
  title={Constraint-based automatic test data generation},
  author={DeMilli, RA and Offutt, A. Jefferson},
  journal={Software Engineering, IEEE Transactions on},
  volume={17},
  number={9},
  pages={900--910},
  year={1991},
  publisher={IEEE}
}

@inproceedings{gotlieb1998automatic,
  title={Automatic test data generation using constraint solving techniques},
  author={Gotlieb, Arnaud and Botella, Bernard and Rueher, Michel},
  booktitle={ACM SIGSOFT Software Engineering Notes},
  volume={23},
  number={2},
  pages={53--62},
  year={1998},
  organization={ACM}
}

@article{howden1977symbolic,
  title={Symbolic testing and the DISSECT symbolic evaluation system},
  author={Howden, William E.},
  journal={Software Engineering, IEEE Transactions on},
  number={4},
  pages={266--278},
  year={1977},
  publisher={IEEE}
}

@article{huang1975approach,
  title={An approach to program testing},
  author={Huang, JC},
  journal={ACM Computing Surveys (CSUR)},
  volume={7},
  number={3},
  pages={113--128},
  year={1975},
  publisher={ACM}
}

@article{king1976symbolic,
  title={Symbolic execution and program testing},
  author={King, James C},
  journal={Communications of the ACM},
  volume={19},
  number={7},
  pages={385--394},
  year={1976},
  publisher={ACM}
}

@inproceedings{korel1996automated,
  title={Automated test data generation for programs with procedures},
  author={Korel, Bogdan},
  booktitle={ACM SIGSOFT Software Engineering Notes},
  volume={21},
  number={3},
  pages={209--215},
  year={1996},
  organization={ACM}
}

@incollection{legeard2002automated,
  title={Automated boundary testing from Z and B},
  author={Legeard, Bruno and Peureux, Fabien and Utting, Mark},
  booktitle={FME 2002: Formal Methodsâ€”Getting IT Right},
  pages={21--40},
  year={2002},
  publisher={Springer}
}

@inproceedings{marinov2001testera,
  title={TestEra: A novel framework for automated testing of Java programs},
  author={Marinov, Darko and Khurshid, Sarfraz},
  booktitle={Automated Software Engineering, 2001.(ASE 2001). Proceedings. 16th Annual International Conference on},
  pages={22--31},
  year={2001},
  organization={IEEE}
}






@book{cormen2001introduction,
  title={Introduction to algorithms},
  author={Cormen, Thomas H and Leiserson, Charles E and Rivest, Ronald L and Stein, Clifford and others},
  volume={2},
  year={2001},
  publisher={MIT press Cambridge}
}

@inproceedings{flanagan2002extended,
  title={Extended static checking for Java},
  author={Flanagan, Cormac and Leino, K Rustan M and Lillibridge, Mark and Nelson, Greg and Saxe, James B and Stata, Raymie},
  booktitle={ACM Sigplan Notices},
  volume={37},
  number={5},
  pages={234--245},
  year={2002},
  organization={ACM}
}

@article{sagiv2002parametric,
  title={Parametric shape analysis via 3-valued logic},
  author={Sagiv, Mooly and Reps, Thomas and Wilhelm, Reinhard},
  journal={ACM Transactions on Programming Languages and Systems (TOPLAS)},
  volume={24},
  number={3},
  pages={217--298},
  year={2002},
  publisher={ACM}
}

@book{moller2001pointer,
  title={The pointer assertion logic engine},
  author={M{\o}ller, Anders and Schwartzbach, Michael I},
  volume={36},
  number={5},
  year={2001},
  publisher={ACM}
}

@inproceedings{kuncak2002role,
  title={Role analysis},
  author={Kuncak, Viktor and Lam, Patrick and Rinard, Martin},
  booktitle={ACM SIGPLAN Notices},
  volume={37},
  number={1},
  pages={17--32},
  year={2002},
  organization={ACM}
}

@incollection{yorsh2004symbolically,
  title={Symbolically computing most-precise abstract operations for shape analysis},
  author={Yorsh, Greta and Reps, Thomas and Sagiv, Mooly},
  booktitle={Tools and Algorithms for the Construction and Analysis of Systems},
  pages={530--545},
  year={2004},
  publisher={Springer}
}

@inproceedings{zee2004combining,
  title={Combining theorem proving with static analysis for data structure consistency},
  author={Zee, Karen and Lam, Patrick and Kuncak, Viktor and Rinard, Martin},
  booktitle={International Workshop on Software Verification and Validation},
  number={LARA-CONF-2004-005},
  year={2004}
}

@inproceedings{lam2005generalized,
  title={Generalized typestate checking for data structure consistency},
  author={Lam, Patrick and Kuncak, Viktor and Rinard, Martin},
  booktitle={Verification, Model Checking, and Abstract Interpretation},
  pages={430--447},
  year={2005},
  organization={Springer}
}

@inproceedings{jackson2000alcoa,
  title={Alcoa: the alloy constraint analyzer},
  author={Jackson, Daniel and Schechter, Ian and Shlyakhter, Ilya},
  booktitle={Software Engineering, 2000. Proceedings of the 2000 International Conference on},
  pages={730--733},
  year={2000},
  organization={IEEE}
}

@inproceedings{jackson2000finding,
  title={Finding bugs with a constraint solver},
  author={Jackson, Daniel and Vaziri, Mandana},
  booktitle={ACM SIGSOFT Software Engineering Notes},
  volume={25},
  number={5},
  pages={14--25},
  year={2000},
  organization={ACM}
}

@incollection{vaziri2003checking,
  title={Checking properties of heap-manipulating procedures with a constraint solver},
  author={Vaziri, Mandana and Jackson, Daniel},
  booktitle={Tools and Algorithms for the Construction and Analysis of Systems},
  pages={505--520},
  year={2003},
  publisher={Springer}
}

@article{visser2004test,
  title={Test input generation with Java PathFinder},
  author={Visser, Willem and PÇŽsÇŽreanu, Corina S and Khurshid, Sarfraz},
  journal={ACM SIGSOFT Software Engineering Notes},
  volume={29},
  number={4},
  pages={97--107},
  year={2004},
  publisher={ACM}
}

@book{sen2005cute,
  title={CUTE: a concolic unit testing engine for C},
  author={Sen, Koushik and Marinov, Darko and Agha, Gul},
  volume={30},
  number={5},
  year={2005},
  publisher={ACM}
}

@inproceedings{godefroid2005dart,
  title={DART: directed automated random testing},
  author={Godefroid, Patrice and Klarlund, Nils and Sen, Koushik},
  booktitle={ACM Sigplan Notices},
  volume={40},
  number={6},
  pages={213--223},
  year={2005},
  organization={ACM}
}

@incollection{khurshid2003generalized,
  title={Generalized symbolic execution for model checking and testing},
  author={Khurshid, Sarfraz and P{\u{a}}s{\u{a}}reanu, Corina S and Visser, Willem},
  booktitle={Tools and Algorithms for the Construction and Analysis of Systems},
  pages={553--568},
  year={2003},
  publisher={Springer}
}

@inproceedings{gligoric2009optimizing,
  title={Optimizing generation of object graphs in Java PathFinder},
  author={Gligoric, Milos and Gvero, Tihomir and Lauterburg, Steven and Marinov, Darko and Khurshid, Sarfraz},
  booktitle={Software Testing Verification and Validation, 2009. ICST'09. International Conference on},
  pages={51--60},
  year={2009},
  organization={IEEE}
}

@inproceedings{ball2005theory,
  title={A theory of predicate-complete test coverage and generation},
  author={Ball, Thomas},
  booktitle={Formal Methods for Components and Objects},
  pages={1--22},
  year={2005},
  organization={Springer}
}

@inproceedings{beyer2004generating,
  title={Generating tests from counterexamples},
  author={Beyer, Dirk and Chlipala, Adam J and Henzinger, Thomas A and Jhala, Ranjit and Majumdar, Rupak},
  booktitle={Proceedings of the 26th International Conference on Software Engineering},
  pages={326--335},
  year={2004},
  organization={IEEE Computer Society}
}

@inproceedings{siddiqui2009pkorat,
  title={Pkorat: Parallel generation of structurally complex test inputs},
  author={Siddiqui, Junaid Haroon and Khurshid, Sarfraz},
  booktitle={Software Testing Verification and Validation, 2009. ICST'09. International Conference on},
  pages={250--259},
  year={2009},
  organization={IEEE}
}

@inproceedings{misailovic2007parallel,
  title={Parallel test generation and execution with Korat},
  author={Misailovic, Sasa and Milicevic, Aleksandar and Petrovic, Nemanja and Khurshid, Sarfraz and Marinov, Darko},
  booktitle={Proceedings of the the 6th joint meeting of the European software engineering conference and the ACM SIGSOFT symposium on The foundations of software engineering},
  pages={135--144},
  year={2007},
  organization={ACM}
}

@techreport{marinov2003evaluation,
  title={An evaluation of exhaustive testing for data structures},
  author={Marinov, Darko and Andoni, Alexandr and Daniliuc, Dumitru and Khurshid, Sarfraz and Rinard, Martin},
  year={2003},
  institution={Technical Report MIT-LCS-TR-921, MIT CSAIL, Cambridge, MA}
}

@phdthesis{marinov2005automatic,
  title={Automatic testing of software with structurally complex inputs},
  author={Marinov, Darko},
  year={2005},
  school={Massachusetts Institute of Technology}
}

@inproceedings{misailovic2007generating,
  title={Generating test inputs for fault-tree analyzers using imperative predicates},
  author={Misailovi{\'c}, Sasa and Mili{\'c}evi{\'c}, Aleksandar and Khurshid, Sarfraz and Marinov, Darko},
  booktitle={IN THE WORKSHOP ON ADVANCES AND INNOVATIONS IN SYSTEMS TESTING (STEP 2007},
  year={2007},
  organization={Citeseer}
}